<?xml version="1.0" encoding="UTF-8"?><record xmlns="http://www.loc.gov/MARC21/slim" xmlns:cinclude="http://apache.org/cocoon/include/1.0" xmlns:zs="http://www.loc.gov/zing/srw/">
  <leader>00388cz  a2200133n  4500</leader>
  <controlfield tag="001">n  85165641 </controlfield>
  <controlfield tag="003">DLC</controlfield>
  <controlfield tag="005">20080505075036.0</controlfield>
  <controlfield tag="008">860926n| acannaabn          |n aaa     c</controlfield>
  <datafield tag="010" ind1=" " ind2=" ">
    <subfield code="a">n  85165641 </subfield>
  </datafield>
  <datafield tag="035" ind1=" " ind2=" ">
    <subfield code="a">(OCoLC)oca01702839</subfield>
  </datafield>
  <datafield tag="040" ind1=" " ind2=" ">
    <subfield code="a">CtY</subfield>
    <subfield code="b">eng</subfield>
    <subfield code="c">DLC</subfield>
    <subfield code="d">OCoLC</subfield>
  </datafield>
  <datafield tag="100" ind1="1" ind2=" ">
    <subfield code="a">Sucha패nek, Rudolf</subfield>
  </datafield>
  <datafield tag="670" ind1=" " ind2=" ">
    <subfield code="a">Vy패voj Jihomoravske패ho kraje v letech 1961-1968, 1969:</subfield>
    <subfield code="b">colophon (Rudolf Sucha패nek)</subfield>
  </datafield>
</record>